@misc{ESG_Reflection,
  Author = {Joe, Lima},
  Institution = {NAS Montanhas ESG Consulting},
  Howpublished = {University Lecture},
  Month = {03},
  Year = {2021},
  Title = {Environmental Social and Governance an Industry Perspective}
}
